@article{Virshup_2023,
	doi = {10.1038/s41587-023-01733-8},
	url = {https://doi.org/10.1038%2Fs41587-023-01733-8},
	year = 2025,
	month = {apr},
	publisher = {Springer Science and Business Media {LLC}},
	author = {Isaac Virshup and Danila Bredikhin and Lukas Heumos and Giovanni Palla and Gregor Sturm and Adam Gayoso and Ilia Kats and Mikaela Koutrouli and Philipp Angerer and Volker Bergen and Pierre Boyeau and Maren BÃ¼ttner and Gokcen Eraslan and David Fischer and Max Frank and Justin Hong and Michal Klein and Marius Lange and Romain Lopez and Mohammad Lotfollahi and Malte D. Luecken and Fidel Ramirez and Jeffrey Regier and Sergei Rybakov and Anna C. Schaar and Valeh Valiollah Pour Amiri and Philipp Weiler and Galen Xing and Bonnie Berger and Dana Pe'er and Aviv Regev and Sarah A. Teichmann and Francesca Finotello and F. Alexander Wolf and Nir Yosef and Oliver Stegle and Fabian J. Theis and},
	title = {The scverse project provides a computational ecosystem for single-cell omics data analysis},
	journal = {Nature Biotechnology}
}

@article{muller2025sainsc,
  title={Sainsc: A Computational Tool for Segmentation-Free Analysis of In Situ Capture Data},
  author={M{\"u}ller-B{\"o}tticher, Niklas and Tiesmeyer, Sebastian and Eils, Roland and Ishaque, Naveed},
  journal={Small Methods},
  volume={9},
  number={5},
  pages={2401123},
  year={2025},
  publisher={Wiley Online Library}
}

@article{moinfar2024unsupervised,
  title={Unsupervised deep disentangled representation of single-cell omics},
  author={Moinfar, Amir Ali and Theis, Fabian J},
  journal={bioRxiv},
  pages={2024--11},
  year={2024},
  publisher={Cold Spring Harbor Laboratory}
}

@article{blampey2024sopa,
  title={Sopa: a technology-invariant pipeline for analyses of image-based spatial omics},
  author={Blampey, Quentin and Mulder, Kevin and Gardet, Margaux and Christodoulidis, Stergios and Dutertre, Charles-Antoine and Andr{\'e}, Fabrice and Ginhoux, Florent and Courn{\`e}de, Paul-Henry},
  journal={Nature Communications},
  volume={15},
  number={1},
  pages={4981},
  year={2024},
  publisher={Nature Publishing Group UK London}
}