@incollection{miller2018idaes,
    title = {Next Generation Multi-Scale Process Systems Engineering Framework},
    editor = {Mario R. Eden and Marianthi G. Ierapetritou and Gavin P. Towler},
    series = {Computer Aided Chemical Engineering},
    publisher = {Elsevier},
    volume = {44},
    pages = {2209-2214},
    year = {2018},
    booktitle = {13th International Symposium on Process Systems Engineering (PSE 2018)},
    issn = {1570-7946},
    doi = {https://doi.org/10.1016/B978-0-444-64241-7.50363-3},
    url = {https://www.sciencedirect.com/science/article/pii/B9780444642417503633},
    author = {David C. Miller and John D. Siirola and Deb Agarwal and Anthony P. Burgard and Andrew Lee and John C. Eslick and
    Bethany Nicholson and Carl Laird and Lorenz T. Biegler and Debangsu Bhattacharyya and Nikolaos V. Sahinidis and
    Ignacio E. Grossmann and Chrysanthos E. Gounaris and Dan Gunter},
    keywords = {Multiscale modeling, conceptual design, process optimization, dynamic optimization, parameter estimation}
}