@online{arc42,
    title        = {arc42},
    author       = {Gernot Starke, Peter Hruschka, Ralf D. MÃ¼ller},
    year         = 2025,
    url          = {https://arc42.org/},
    urldate      = {2025-03-30}
}

@online{aim42,
    title        = {aim42},
    author       = {Gernot Starke, Peter Hruschka},
    year         = 2025,
    url          = {https://www.aim42.org},
    urldate      = {2025-03-30}
}


@book{ISO_25010,
  title = {ISO/IEC 25010:2023 - Systems and software engineering - Systems and software Quality Requirements and Evaluation (SQuaRE) - Product quality model},
  author = {ISO_25010},
  publisher = {ISO/IEC},
  year = {2023},
  url = {https://www.vde-verlag.de/iec-normen/252317/iso-iec-25010-2023.html},
}

