@article{joubert2024enhanced,
  title={Enhanced Backtesting for Practitioners.},
  author={Joubert, Jacques and Sestovic, Dragan and Barziy, Illya and Distaso, Walter and L{\'o}pez de Prado, Marcos},
  journal={Journal of Portfolio Management},
  volume={51},
  number={2},
  year={2024}
}

 @article{jensen1992glossary,
  title={A glossary of temporal database concepts},
  author={Jensen, Christian S. and Clifford, James and Gadia, Shashi K. and Segev, Arie and Snodgrass, Richard Thomas},
  journal={ACM Sigmod Record},
  volume={21},
  number={3},
  pages={35--43},
  year={1992},
  publisher={ACM New York, NY, USA}
}