@misc{altair_hypermesh,
  author       = {{Altair Engineering, Inc.}},
  title        = {Altair HyperMesh},
  year         = {2025},
  url          = {https://www.altair.com/hypermesh/},
  note         = {Accessed: 2025-03-10}
}
@misc{ansys_meshing,
  author       = {{ANSYS, Inc.}},
  title        = {ANSYS Meshing},
  year         = {2025},
  url          = {https://www.ansys.com/products/meshing/ansys-meshing},
  note         = {Accessed: 2025-03-10}
}
@misc{automesh,
  author       = {Chad B. Hovey and Michael R. Buche},
  title        = {automesh: A Rust crate for automatic mesh generation},
  year         = {2025},
  url          = {https://crates.io/crates/automesh},
  note         = {Accessed: 2025-04-15}
}
@article{chen2010mri,
  title={MRI-based finite element modeling of head trauma: spherically focusing shear waves},
  author={Chen, Ying and Ostoja-Starzewski, Martin},
  journal={Acta mechanica},
  volume={213},
  number={1},
  pages={155--167},
  year={2010},
  publisher={Springer},
  doi={10.1007/s00707-009-0274-0}
}
@article{bracci2019hexalab,
  title={HexaLab. net: An online viewer for hexahedral meshes},
  author={Bracci, Matteo and Tarini, Marco and Pietroni, Nico and Livesu, Marco and Cignoni, Paolo},
  journal={Computer-Aided Design},
  volume={110},
  pages={24--36},
  year={2019},
  publisher={Elsevier},
  doi={10.1016/j.cad.2018.12.003}
}
@misc{comsol_multiphysics,
  author       = {{COMSOL, Inc.}},
  title        = {COMSOL Multiphysics},
  year         = {2025},
  url          = {https://www.comsol.com/comsol-multiphysics},
  note         = {Accessed: 2025-03-10}
}
@misc{cubit_sandia,
  author       = {{Sandia National Laboratories}},
  title        = {CUBIT: A 3D Mesh Generation Tool},
  year         = {2025},
  url          = {https://cubit.sandia.gov},
  note         = {Accessed: 2025-03-06}
}
@misc{dealII,
  author       = {{deal.II Developers}},
  title        = {deal.II},
  year         = {2025},
  url          = {https://www.dealii.org/},
  note         = {Accessed: 2025-03-10}
}
@misc{fenics,
  author       = {{FEniCS Project Developers}},
  title        = {FEniCS Project},
  year         = {2025},
  url          = {https://fenicsproject.org/},
  note         = {Accessed: 2025-03-10}
}
@misc{freefem,
  author       = {{FreeFEM Developers}},
  title        = {FreeFEM},
  year         = {2025},
  url          = {https://freefem.org/},
  note         = {Accessed: 2025-03-10}
}
@misc{getfem,
  author       = {{GetFEM Developers}},
  title        = {GetFEM++},
  year         = {2025},
  url          = {http://getfem.org/},
  note         = {Accessed: 2025-03-10}
}
@misc{gmshtool,
  author       = {{GMSH Developers}},
  title        = {GMSH},
  year         = {2025},
  url          = {http://gmsh.info/},
  note         = {Accessed: 2025-03-10}
}
@misc{gridgen_pointwise,
  author       = {{Pointwise, Inc.}},
  title        = {Gridgen},
  year         = {2025},
  url          = {https://www.pointwise.com/},
  note         = {Accessed: 2025-03-10}
}
@misc{hexotic,
  author       = {{INRIA Gamma Team}},
  title        = {Hexotic: A Software for Hexahedral Mesh Generation},
  year         = {2023},
  url          = {https://team.inria.fr/gamma/gamma-software/hexotic/},
  note         = {Accessed: 2025-04-15}
}
@article{karlson2023toward,
  title={Toward accurate prediction of partial-penetration laser weld performance informed by three-dimensional characterization--Part II: $\mu$CT based finite element simulations},
  author={Karlson, Kyle N and Skulborstad, Alyssa J and Madison, Jonathan D and Polonsky, Andrew T and Jin, Helena and Jones, Amanda and Sanborn, Brett and Kramer, Sharlotte LB and Antoun, Bonnie R and Lu, Wei-Yang},
  journal={Tomography of Materials and Structures},
  volume={2},
  pages={100007},
  year={2023},
  publisher={Elsevier},
  doi={10.1016/j.tmater.2023.100007}
}
@article{livesu2019cinolib,
  title={cinolib: a generic programming header only C++ library for processing polygonal and polyhedral meshes},
  author={Livesu, Marco},
  journal={Transactions on Computational Science XXXIV},
  pages={64--76},
  year={2019},
  publisher={Springer},
  doi={10.1007/978-3-662-59958-7_4}
}
@article{livesu2021optimal,
  title={Optimal dual schemes for adaptive grid based hexmeshing},
  author={Marco Livesu and Luca Pitzalis and Gianmarco Cherchi},
  journal={ACM Transactions on Graphics},
  year={2021},
  doi={10.1145/3494456}
}
@inproceedings{marechal2009advances,
  title={Advances in octree-based all-hexahedral mesh generation: handling sharp features},
  author={Mar{\'e}chal, Lo{\"\i}c},
  booktitle={Proceedings of the 18th international meshing roundtable},
  pages={65--84},
  year={2009},
  organization={Springer}
}
@article{marechal2016all,
  title={All hexahedral boundary layers generation},
  author={Mar{\'e}chal, Lo{\"\i}c},
  journal={Procedia engineering},
  volume={163},
  pages={5--19},
  year={2016},
  publisher={Elsevier},
  doi={10.1016/j.proeng.2016.11.007}
}
@techreport{meagher1980,
  author       = {D. J. Meagher},
  institution  = {Rensselaer Polytechnic Institute},
  number       = {IPL-TR-80-111},
  year         = {1980},
}
@misc{meshlab,
  author       = {{ISTI-CNR}},
  title        = {MeshLab},
  year         = {2025},
  url          = {https://www.meshlab.net/},
  note         = {Accessed: 2025-03-10}
}
@misc{netgen,
  author       = {{Netgen Developers}},
  title        = {Netgen: A 3D Delaunay Tetrahedral Mesh Generator},
  year         = {2025},
  url          = {https://ngsolve.org/},
  note         = {Accessed: 2025-04-15}
}
@misc{nicolella2025,
  author       = {D. P. Nicolella and S. K. Shaffer and L. L. Frazer and A. D. Pant and V. B. Kote},
  title        = {I-PREDICT},
  year         = {2025},
  institution  = {MTEC},
}
@misc{numpy_format,
  author       = {{NumPy Developers}},
  title        = {numpy.lib.format — NumPy v1.24 Manual},
  year         = {2025},
  url          = {https://numpy.org/doc/stable/reference/generated/numpy.lib.format.html},
  note         = {Accessed: 2025-03-06}
}
@misc{openfoam,
  author       = {{OpenFOAM Foundation}},
  title        = {OpenFOAM},
  year         = {2025},
  url          = {https://www.openfoam.com/},
  note         = {Accessed: 2025-03-10}
}
@article{owen2014parallel,
  title={Parallel hexahedral meshing from volume fractions},
  author={Owen, Steven J and Staten, Matthew L and Sorensen, Marguerite C},
  journal={Engineering with Computers},
  volume={30},
  pages={301--313},
  year={2014},
  publisher={Springer},
  doi={10.1007/s00366-012-0292-8}
}
@inproceedings{owen2014validation,
  title={Validation of grid-based hex meshes with computational solid mechanics},
  author={Owen, Steven J and Shelton, Tim R},
  booktitle={Proceedings of the 22nd International Meshing Roundtable},
  pages={39--56},
  year={2014},
  organization={Springer}
}
@article{polonsky2023toward,
  title={Toward accurate prediction of partial-penetration laser weld performance informed by three-dimensional characterization--Part I: high fidelity interrogation},
  author={Polonsky, Andrew T and Madison, Jonathan D and Arnhart, Mary and Jin, Helena and Karlson, Kyle N and Skulborstad, Alyssa J and Foulk, James W and Murawski, Scott G},
  journal={Tomography of Materials and Structures},
  volume={2},
  pages={100006},
  year={2023},
  publisher={Elsevier},
  doi={https://doi.org/10.1016/j.tmater.2023.100006}
}
@article{rust_programming_language,
  author       = {Steve Klabnik and Carol Nichols},
  title        = {The Rust Programming Language},
  year         = {2019},
  publisher    = {No Starch Press},
  url          = {https://doc.rust-lang.org/book/},
  note         = {Accessed: 2025-04-15}
}
@techreport{schoof1994exodus,
  title={EXODUS II: a finite element data model},
  author={Schoof, Larry A and Yarberry, Victor R},
  year={1994},
  institution={Sandia National Lab.(SNL-NM), Albuquerque, NM (United States)}
}
@misc{siemens_simcenter,
  author       = {{Siemens AG}},
  title        = {Siemens Simcenter},
  year         = {2025},
  url          = {https://www.plm.automation.siemens.com/global/en/products/simcenter/},
  note         = {Accessed: 2025-03-10}
}
@misc{simulia_abaqus,
  author       = {{Dassault Systèmes}},
  title        = {Abaqus},
  year         = {2025},
  url          = {https://www.3ds.com/products/simulia/abaqus},
  note         = {Accessed: 2025-03-06}
}
@article{sorkine2005laplacian,
  title={Laplacian mesh processing},
  author={Sorkine, Olga},
  journal={Eurographics (State of the Art Reports)},
  volume={4},
  number={4},
  pages={1},
  year={2005}
}
@inproceedings{taubin1995signal,
  title={A signal processing approach to fair surface design},
  author={Taubin, Gabriel},
  booktitle={Proceedings of the 22nd annual conference on Computer graphics and interactive techniques},
  pages={351--358},
  year={1995}
}
@misc{tetgen,
  author       = {H. Si},
  title        = {TetGen: A Delaunay-Based Quality Tetrahedral Mesh Generator},
  year         = {2025},
  url          = {https://wias-berlin.de/software/index.jsp?id=TetGen&lang=1},
  note         = {Accessed: 2025-04-15}
}
@misc{truegrid,
  author       = {{TrueGrid}},
  title        = {TrueGrid: Finite Element Mesh Generation Software},
  year         = {2025},
  url          = {http://www.truegrid.com},
  note         = {Accessed: 2025-03-10}
}
