@manual{ape14,
  title        = {{Astropy Proposal for Enhancement 14: A shared
                   Python interface for World Coordinate Systems (APE
                   14)}},
  author       = {Robitaille, Thomas and
                  Tollerud, Erik and
                  Mumford, Stuart and
                  Ginsburg, Adam},
  month        = feb,
  year         = 2018,
  doi          = {10.5281/zenodo.1188875},
  url          = {https://doi.org/10.5281/zenodo.1188875}
}

@ARTICLE{astropy2013,
       author = {{Astropy Collaboration} and {Robitaille}, Thomas P. and {Tollerud}, Erik J. and {Greenfield}, Perry and {Droettboom}, Michael and {Bray}, Erik and {Aldcroft}, Tom and {Davis}, Matt and {Ginsburg}, Adam and {Price-Whelan}, Adrian M. and {Kerzendorf}, Wolfgang E. and {Conley}, Alexander and {Crighton}, Neil and {Barbary}, Kyle and {Muna}, Demitri and {Ferguson}, Henry and {Grollier}, Fr{\'e}d{\'e}ric and {Parikh}, Madhura M. and {Nair}, Prasanth H. and {Unther}, Hans M. and {Deil}, Christoph and {Woillez}, Julien and {Conseil}, Simon and {Kramer}, Roban and {Turner}, James E.~H. and {Singer}, Leo and {Fox}, Ryan and {Weaver}, Benjamin A. and {Zabalza}, Victor and {Edwards}, Zachary I. and {Azalee Bostroem}, K. and {Burke}, D.~J. and {Casey}, Andrew R. and {Crawford}, Steven M. and {Dencheva}, Nadia and {Ely}, Justin and {Jenness}, Tim and {Labrie}, Kathleen and {Lim}, Pey Lian and {Pierfederici}, Francesco and {Pontzen}, Andrew and {Ptak}, Andy and {Refsdal}, Brian and {Servillat}, Mathieu and {Streicher}, Ole},
        title = "{Astropy: A community Python package for astronomy}",
      journal = {Astronomy \& Astrophysics},
     keywords = {methods: data analysis, methods: miscellaneous, virtual observatory tools, Astrophysics - Instrumentation and Methods for Astrophysics},
         year = 2013,
        month = oct,
       volume = {558},
          eid = {A33},
        pages = {A33},
          doi = {10.1051/0004-6361/201322068},
archivePrefix = {arXiv},
       eprint = {1307.6212},
 primaryClass = {astro-ph.IM},
       adsurl = {https://ui.adsabs.harvard.edu/abs/2013A&A...558A..33A},
      adsnote = {Provided by the SAO/NASA Astrophysics Data System}
}


@ARTICLE{astropy2018,
       author = {{Astropy Collaboration} and {Price-Whelan}, A.~M. and {Sip{\H{o}}cz}, B.~M. and {G{\"u}nther}, H.~M. and {Lim}, P.~L. and {Crawford}, S.~M. and {Conseil}, S. and {Shupe}, D.~L. and {Craig}, M.~W. and {Dencheva}, N. and {Ginsburg}, A. and {VanderPlas}, J.~T. and {Bradley}, L.~D. and {P{\'e}rez-Su{\'a}rez}, D. and {de Val-Borro}, M. and {Aldcroft}, T.~L. and {Cruz}, K.~L. and {Robitaille}, T.~P. and {Tollerud}, E.~J. and {Ardelean}, C. and {Babej}, T. and {Bach}, Y.~P. and {Bachetti}, M. and {Bakanov}, A.~V. and {Bamford}, S.~P. and {Barentsen}, G. and {Barmby}, P. and {Baumbach}, A. and {Berry}, K.~L. and {Biscani}, F. and {Boquien}, M. and {Bostroem}, K.~A. and {Bouma}, L.~G. and {Brammer}, G.~B. and {Bray}, E.~M. and {Breytenbach}, H. and {Buddelmeijer}, H. and {Burke}, D.~J. and {Calderone}, G. and {Cano Rodr{\'\i}guez}, J.~L. and {Cara}, M. and {Cardoso}, J.~V.~M. and {Cheedella}, S. and {Copin}, Y. and {Corrales}, L. and {Crichton}, D. and {D'Avella}, D. and {Deil}, C. and {Depagne}, {\'E}. and {Dietrich}, J.~P. and {Donath}, A. and {Droettboom}, M. and {Earl}, N. and {Erben}, T. and {Fabbro}, S. and {Ferreira}, L.~A. and {Finethy}, T. and {Fox}, R.~T. and {Garrison}, L.~H. and {Gibbons}, S.~L.~J. and {Goldstein}, D.~A. and {Gommers}, R. and {Greco}, J.~P. and {Greenfield}, P. and {Groener}, A.~M. and {Grollier}, F. and {Hagen}, A. and {Hirst}, P. and {Homeier}, D. and {Horton}, A.~J. and {Hosseinzadeh}, G. and {Hu}, L. and {Hunkeler}, J.~S. and {Ivezi{\'c}}, {\v{Z}}. and {Jain}, A. and {Jenness}, T. and {Kanarek}, G. and {Kendrew}, S. and {Kern}, N.~S. and {Kerzendorf}, W.~E. and {Khvalko}, A. and {King}, J. and {Kirkby}, D. and {Kulkarni}, A.~M. and {Kumar}, A. and {Lee}, A. and {Lenz}, D. and {Littlefair}, S.~P. and {Ma}, Z. and {Macleod}, D.~M. and {Mastropietro}, M. and {McCully}, C. and {Montagnac}, S. and {Morris}, B.~M. and {Mueller}, M. and {Mumford}, S.~J. and {Muna}, D. and {Murphy}, N.~A. and {Nelson}, S. and {Nguyen}, G.~H. and {Ninan}, J.~P. and {N{\"o}the}, M. and {Ogaz}, S. and {Oh}, S. and {Parejko}, J.~K. and {Parley}, N. and {Pascual}, S. and {Patil}, R. and {Patil}, A.~A. and {Plunkett}, A.~L. and {Prochaska}, J.~X. and {Rastogi}, T. and {Reddy Janga}, V. and {Sabater}, J. and {Sakurikar}, P. and {Seifert}, M. and {Sherbert}, L.~E. and {Sherwood-Taylor}, H. and {Shih}, A.~Y. and {Sick}, J. and {Silbiger}, M.~T. and {Singanamalla}, S. and {Singer}, L.~P. and {Sladen}, P.~H. and {Sooley}, K.~A. and {Sornarajah}, S. and {Streicher}, O. and {Teuben}, P. and {Thomas}, S.~W. and {Tremblay}, G.~R. and {Turner}, J.~E.~H. and {Terr{\'o}n}, V. and {van Kerkwijk}, M.~H. and {de la Vega}, A. and {Watkins}, L.~L. and {Weaver}, B.~A. and {Whitmore}, J.~B. and {Woillez}, J. and {Zabalza}, V. and {Astropy Contributors}},
        title = "{The Astropy Project: Building an Open-science Project and Status of the v2.0 Core Package}",
      journal = {Astronomical Journal},
     keywords = {methods: data analysis, methods: miscellaneous, methods: statistical, reference systems, Astrophysics - Instrumentation and Methods for Astrophysics},
         year = 2018,
        month = sep,
       volume = {156},
       number = {3},
          eid = {123},
        pages = {123},
          doi = {10.3847/1538-3881/aabc4f},
archivePrefix = {arXiv},
       eprint = {1801.02634},
 primaryClass = {astro-ph.IM},
       adsurl = {https://ui.adsabs.harvard.edu/abs/2018AJ....156..123A},
      adsnote = {Provided by the SAO/NASA Astrophysics Data System}
}

@ARTICLE{astropy2022,
       author = {{Astropy Collaboration} and {Price-Whelan}, Adrian M. and {Lim}, Pey Lian and {Earl}, Nicholas and {Starkman}, Nathaniel and {Bradley}, Larry and {Shupe}, David L. and {Patil}, Aarya A. and {Corrales}, Lia and {Brasseur}, C.~E. and {N{\"o}the}, Maximilian and {Donath}, Axel and {Tollerud}, Erik and {Morris}, Brett M. and {Ginsburg}, Adam and {Vaher}, Eero and {Weaver}, Benjamin A. and {Tocknell}, James and {Jamieson}, William and {van Kerkwijk}, Marten H. and {Robitaille}, Thomas P. and {Merry}, Bruce and {Bachetti}, Matteo and {G{\"u}nther}, H. Moritz and {Aldcroft}, Thomas L. and {Alvarado-Montes}, Jaime A. and {Archibald}, Anne M. and {B{\'o}di}, Attila and {Bapat}, Shreyas and {Barentsen}, Geert and {Baz{\'a}n}, Juanjo and {Biswas}, Manish and {Boquien}, M{\'e}d{\'e}ric and {Burke}, D.~J. and {Cara}, Daria and {Cara}, Mihai and {Conroy}, Kyle E. and {Conseil}, Simon and {Craig}, Matthew W. and {Cross}, Robert M. and {Cruz}, Kelle L. and {D'Eugenio}, Francesco and {Dencheva}, Nadia and {Devillepoix}, Hadrien A.~R. and {Dietrich}, J{\"o}rg P. and {Eigenbrot}, Arthur Davis and {Erben}, Thomas and {Ferreira}, Leonardo and {Foreman-Mackey}, Daniel and {Fox}, Ryan and {Freij}, Nabil and {Garg}, Suyog and {Geda}, Robel and {Glattly}, Lauren and {Gondhalekar}, Yash and {Gordon}, Karl D. and {Grant}, David and {Greenfield}, Perry and {Groener}, Austen M. and {Guest}, Steve and {Gurovich}, Sebastian and {Handberg}, Rasmus and {Hart}, Akeem and {Hatfield-Dodds}, Zac and {Homeier}, Derek and {Hosseinzadeh}, Griffin and {Jenness}, Tim and {Jones}, Craig K. and {Joseph}, Prajwel and {Kalmbach}, J. Bryce and {Karamehmetoglu}, Emir and {Ka{\l}uszy{\'n}ski}, Miko{\l}aj and {Kelley}, Michael S.~P. and {Kern}, Nicholas and {Kerzendorf}, Wolfgang E. and {Koch}, Eric W. and {Kulumani}, Shankar and {Lee}, Antony and {Ly}, Chun and {Ma}, Zhiyuan and {MacBride}, Conor and {Maljaars}, Jakob M. and {Muna}, Demitri and {Murphy}, N.~A. and {Norman}, Henrik and {O'Steen}, Richard and {Oman}, Kyle A. and {Pacifici}, Camilla and {Pascual}, Sergio and {Pascual-Granado}, J. and {Patil}, Rohit R. and {Perren}, Gabriel I. and {Pickering}, Timothy E. and {Rastogi}, Tanuj and {Roulston}, Benjamin R. and {Ryan}, Daniel F. and {Rykoff}, Eli S. and {Sabater}, Jose and {Sakurikar}, Parikshit and {Salgado}, Jes{\'u}s and {Sanghi}, Aniket and {Saunders}, Nicholas and {Savchenko}, Volodymyr and {Schwardt}, Ludwig and {Seifert-Eckert}, Michael and {Shih}, Albert Y. and {Jain}, Anany Shrey and {Shukla}, Gyanendra and {Sick}, Jonathan and {Simpson}, Chris and {Singanamalla}, Sudheesh and {Singer}, Leo P. and {Singhal}, Jaladh and {Sinha}, Manodeep and {Sip{\H{o}}cz}, Brigitta M. and {Spitler}, Lee R. and {Stansby}, David and {Streicher}, Ole and {{\v{S}}umak}, Jani and {Swinbank}, John D. and {Taranu}, Dan S. and {Tewary}, Nikita and {Tremblay}, Grant R. and {de Val-Borro}, Miguel and {Van Kooten}, Samuel J. and {Vasovi{\'c}}, Zlatan and {Verma}, Shresth and {de Miranda Cardoso}, Jos{\'e} Vin{\'\i}cius and {Williams}, Peter K.~G. and {Wilson}, Tom J. and {Winkel}, Benjamin and {Wood-Vasey}, W.~M. and {Xue}, Rui and {Yoachim}, Peter and {Zhang}, Chen and {Zonca}, Andrea and {Astropy Project Contributors}},
        title = "{The Astropy Project: Sustaining and Growing a Community-oriented Open-source Project and the Latest Major Release (v5.0) of the Core Package}",
      journal = {Astrophysical Journal},
     keywords = {Astronomy software, Open source software, Astronomy data analysis, 1855, 1866, 1858, Astrophysics - Instrumentation and Methods for Astrophysics},
         year = 2022,
        month = aug,
       volume = {935},
       number = {2},
          eid = {167},
        pages = {167},
          doi = {10.3847/1538-4357/ac7c74},
archivePrefix = {arXiv},
       eprint = {2206.14220},
 primaryClass = {astro-ph.IM},
       adsurl = {https://ui.adsabs.harvard.edu/abs/2022ApJ...935..167A},
      adsnote = {Provided by the SAO/NASA Astrophysics Data System}
}

@inproceedings{cupy,
  title = {{{CuPy}}: {{A NumPy-Compatible}} Library for {{NVIDIA GPU}} Calculations},
  booktitle = {Proceedings of Workshop on Machine Learning Systems ({{LearningSys}}) in the Thirty-First Annual Conference on Neural Information Processing Systems ({{NIPS}})},
  author = {Okuta, Ryosuke and Unno, Yuya and Nishino, Daisuke and Hido, Shohei and Loomis, Crissman},
  year = {2017},
  url = {http://learningsys.org/nips17/assets/papers/paper_16.pdf}
}

@Manual{dask,
  title = {Dask: Library for dynamic task scheduling},
  author = {{Dask Development Team}},
  year = {2016},
  url = {https://dask.org},
}

@misc{eispac-docs,
  author = {{EISPAC Developers}},
  title = {EISPAC Documentation},
  year = {2023},
  publisher = {ReadTheDocs},
  journal = {ReadTheDocs},
  url = {https://eispac.readthedocs.io/en/latest}
}

@misc{eispac-code,
  author = {{EISPAC Developers}},
  title = {EISPAC code-base},
  year = {2023},
  publisher = {GitHub},
  journal = {GitHub Repository},
  url = {https://github.com/USNavalResearchLaboratory/eispac}
}

@software{gwcs,
  author       = {Nadia Dencheva and
                  Stuart Mumford and
                  Mihai Cara and
                  Larry Bradley and
                  perrygreenfield and
                  Dan D'Avella and
                  Brigitta Sipőcz and
                  P. L. Lim and
                  William Jamieson and
                  Edward Slavich and
                  Clare Shanahan and
                  James Davies and
                  Nicholas Earl and
                  Zach Burnett and
                  Bernie Simon and
                  Erik Tollerud and
                  Christoph Deil and
                  Ole Streicher and
                  Chris Simpson and
                  David Stansby and
                  Joseph Hunkeler and
                  Michael Droettboom and
                  Miguel de Val-Borro and
                  Zane Geiger},
  title        = {spacetelescope/gwcs: GWCS v 0.18.3},
  month        = dec,
  year         = 2022,
  publisher    = {Zenodo},
  version      = {0.18.3},
  doi          = {10.5281/zenodo.7478201},
  url          = {https://doi.org/10.5281/zenodo.7478201}
}

@misc{irispy-docs,
  author = {{irispy-lmsal Developers}},
  title = {irispy-lmsal Documentation},
  year = {2023},
  publisher = {ReadTheDocs},
  journal = {ReadTheDocs},
  url = {https://irispy-lmsal.readthedocs.io/en/v0.1.5/}
}

@misc{irispy-code,
  author = {{irispy-lmsal Developers}},
  title = {irispy-lmsal code-base},
  year = {2023},
  publisher = {GitHub},
  journal = {GitHub Repository},
  url = {https://github.com/LM-SAL/irispy-lmsal}
}

@software{jdaviz,
  author       = {JDADF-Developers and
                  Averbukh, Jesse and
                  Bradley, Larry and
                  Buikhuizen, Mario and
                  Busko, Ivo and
                  Cherinka, Brian and
                  Conroy, Kyle and
                  Earl, Nicholas and
                  Fox, Ori and
                  Geda, Robel and
                  Jones, Craig and
                  Karatay, Hatice and
                  Kotler, Jenn and
                  Lim, Pey Lian and
                  Morris, Brett and
                  Nguyen, Duy and
                  O'Steen, Richard and
                  Ogaz, Sara and
                  Ogle, Patrick and
                  Otor, O. Justin and
                  Pacifici, Camilla and
                  Robitaille, Thomas and
                  Tollerud, Erik and
                  Volfman, Sabrina},
  title        = {Jdaviz},
  month        = feb,
  year         = 2023,
  note         = {If you use this software, please cite it as below.},
  publisher    = {Zenodo},
  version      = {3.3.0},
  doi          = {10.5281/zenodo.7625637},
  url          = {https://doi.org/10.5281/zenodo.7625637}
}

@article{ndcube,
    author = {{Ryan}, Daniel and {Mumford}, Stuart and {Barnes}, Will T. and {Kumar Baruah}, Ankit and {Bhope}, Adwait and {Buchlin}, Eric and {Freij}, Nabil and {Ginsburg}, Adam and {Hayes}, Laura A. and {Homeier}, Derek and {Hughes}, J. Marcus and {Lowder}, Chris and {O'Steen}, Richard and {Pellorce}, Baptiste and {Robitaille}, Thomas and {Sharma}, Yash and {Shih}, Albert Y. and {Tollerud}, Erik and {West}, Matthew J.},
    title = "{A Unified Framework for Manipulating N-dimensional Astronomical Data and Coordinate
Transformations in Python: The NDCube 2 & Astropy APE-14 WCS APIs}",
    year = 2023,
    journal = {Astrophysical Journal},
    doi = {10.3847/1538-4357/ace0bd},
}

@misc{ndcube-docs,
  author = {{ndcube Developers}},
  title = {ndcube Documentation},
  year = {2023},
  publisher = {ReadTheDocs},
  journal = {ReadTheDocs},
  url = {https://docs.sunpy.org/projects/ndcube/en/v2.1.1/}
}

@Article{numpy,
 title         = {Array programming with {NumPy}},
 author        = {Charles R. Harris and K. Jarrod Millman and St{\'{e}}fan J.
                 van der Walt and Ralf Gommers and Pauli Virtanen and David
                 Cournapeau and Eric Wieser and Julian Taylor and Sebastian
                 Berg and Nathaniel J. Smith and Robert Kern and Matti Picus
                 and Stephan Hoyer and Marten H. van Kerkwijk and Matthew
                 Brett and Allan Haldane and Jaime Fern{\'{a}}ndez del
                 R{\'{i}}o and Mark Wiebe and Pearu Peterson and Pierre
                 G{\'{e}}rard-Marchant and Kevin Sheppard and Tyler Reddy and
                 Warren Weckesser and Hameer Abbasi and Christoph Gohlke and
                 Travis E. Oliphant},
 year          = {2020},
 month         = sep,
 journal       = {Nature},
 volume        = {585},
 number        = {7825},
 pages         = {357--362},
 doi           = {10.1038/s41586-020-2649-2},
 publisher     = {Springer Science and Business Media {LLC}},
 url           = {https://doi.org/10.1038/s41586-020-2649-2}
}

@INPROCEEDINGS{punch,
       author = {{Deforest}, Craig and {Killough}, Ronnie and {Gibson}, Sarah and {Henry}, Alan and {Case}, Traci and {Beasley}, Matthew and {Laurent}, Glenn and {Colaninno}, Robin and {Waltham}, Nick and {Punch Science Team}},
        title = "{Polarimeter to UNify the Corona and Heliosphere (PUNCH): Science, Status, and Path to Flight}",
     keywords = {Three-dimensional displays, Instruments, Small satellites, Scattering, Optics, Corona, Synchronization},
    booktitle = {2022 IEEE Aerospace Conference},
         year = 2022,
        month = aug,
          eid = {1},
        pages = {1-11},
          doi = {10.1109/AERO53065.2022.9843340},
      adsnote = {Provided by the SAO/NASA Astrophysics Data System}
}

@misc{sep12,
  author = {{Mumford}, Stuart and {Ryan}, Daniel F.},
  title = {SEP-0012: NDCube 2 API},
  year = {2020},
  publisher = {GitHub},
  journal = {GitHub repository},
  url = {https://github.com/sunpy/sunpy-SEP/blob/master/SEP-0012.md}
}

@misc{specutils-docs,
  author = {{specutils Developers}},
  title = {specutils Documentation},
  year = {2023},
  publisher = {ReadTheDocs},
  journal = {ReadTheDocs},
  url = {https://specutils.readthedocs.io/en/stable/}
}

@misc{specutils-code,
  author = {{specutils Developers}},
  title = {specutils code},
  year = {2023},
  publisher = {GitHub},
  journal = {GitHub Repository},
  url = {https://github.com/astropy/specutils}
}

@ARTICLE{sunpy,
       author = {{Mumford}, Stuart and {Freij}, Nabil and {Christe}, Steven and {Ireland}, Jack and {Mayer}, Florian and {Hughitt}, V. and {Shih}, Albert and {Ryan}, Daniel and {Liedtke}, Simon and {P{\'e}rez-Su{\'a}rez}, David and {Chakraborty}, Pritish and {K}, Vishnunarayan and {Inglis}, Andrew and {Pattnaik}, Punyaslok and {Sip{\H{o}}cz}, Brigitta and {Sharma}, Rishabh and {Leonard}, Andrew and {Stansby}, David and {Hewett}, Russell and {Hamilton}, Alex and {Hayes}, Laura and {Panda}, Asish and {Earnshaw}, Matt and {Choudhary}, Nitin and {Kumar}, Ankit and {Chanda}, Prateek and {Haque}, Md and {Kirk}, Michael and {Mueller}, Michael and {Konge}, Sudarshan and {Srivastava}, Rajul and {Jain}, Yash and {Bennett}, Samuel and {Baruah}, Ankit and {Barnes}, Will and {Charlton}, Michael and {Maloney}, Shane and {Chorley}, Nicky and {Himanshu} and {Modi}, Sanskar and {Mason}, James and {Naman} and {Campos Rozo}, Jose Ivan and {Manley}, Larry and {Chatterjee}, Agneet and {Evans}, John and {Malocha}, Michael and {Bobra}, Monica and {Ghosh}, Sourav and {Airmansmith} and {Sta{\'n}czak}, Dominik and {De Visscher}, Ruben and {Verma}, Shresth and {Agrawal}, Ankit and {Buddhika}, Dumindu and {Sharma}, Swapnil and {Park}, Jongyeob and {Bates}, Matt and {Goel}, Dhruv and {Taylor}, Garrison and {Cetusic}, Goran and {Jacob} and {Inchaurrandieta}, Mateo and {Dacie}, Sally and {Dubey}, Sanjeev and {Sharma}, Deepankar and {Bray}, Erik and {Rideout}, Jai and {Zahniy}, Serge and {Meszaros}, Tomas and {Bose}, Abhigyan and {Chicrala}, Andr{\'e} and {Ankit} and {Guennou}, Chlo{\'e} and {D'Avella}, Daniel and {Williams}, Daniel and {Ballew}, Jordan and {Murphy}, Nick and {Lodha}, Priyank and {Robitaille}, Thomas and {Krishan}, Yash and {Hill}, Andrew and {Eigenbrot}, Arthur and {Mampaey}, Benjamin and {Wiedemann}, Bernhard and {Molina}, Carlos and {Ke{\c{s}}kek}, Duygu and {Habib}, Ishtyaq and {Letts}, Joseph and {Baz{\'a}n}, Juanjo and {Arbolante}, Quinn and {Gomillion}, Reid and {Kothari}, Yash and {Sharma}, Yash and {Stevens}, Abigail and {Price-Whelan}, Adrian and {Mehrotra}, Ambar and {Kustov}, Arseniy and {Stone}, Brandon and {Dang}, Trung and {Arias}, Emmanuel and {Dover}, Fionnlagh and {Verstringe}, Freek and {Kumar}, Gulshan and {Mathur}, Harsh and {Babuschkin}, Igor and {Wimbish}, Jaylen and {Buitrago-Casas}, Juan and {Krishna}, Kalpesh and {Hiware}, Kaustubh and {Mangaonkar}, Manas and {Mendero}, Matthew and {Schoentgen}, Micka{\"e}l and {Gyenge}, Norbert and {Streicher}, Ole and {Mekala}, Rajasekhar and {Mishra}, Rishabh and {Srikanth}, Shashank and {Jain}, Sarthak and {Yadav}, Tannmay and {Wilkinson}, Tessa and {Pereira}, Tiago and {Agrawal}, Yudhik and {Jamescalixto} and {Yasintoda} and {Murray}, Sophie},
        title = "{SunPy: A Python package for Solar Physics}",
      journal = {Journal of Open Source Software},
     keywords = {Python, C, Astronomy, Solar physics, IDL},
         year = 2020,
        month = feb,
       volume = {5},
       number = {46},
          eid = {1832},
        pages = {1832},
          doi = {10.21105/joss.01832},
       adsurl = {https://ui.adsabs.harvard.edu/abs/2020JOSS....5.1832M},
      adsnote = {Provided by the SAO/NASA Astrophysics Data System}
}

@article{sunraster,
    author = {{Ryan}, Daniel and {et al}},
    title = "{sunraster: Manipulating Solar Slit-spectrograph Observations in Python}",
    year = {in prep.},
    journal = {Journal of Open Source Software},
}

@article{xarray,
  title     = {xarray: {N-D} labeled arrays and datasets in {Python}},
  author    = {Hoyer, S. and J. Hamman},
  journal   = {Journal of Open Research Software},
  volume    = {5},
  number    = {1},
  year      = {2017},
  publisher = {Ubiquity Press},
  doi       = {10.5334/jors.148},
  url       = {https://doi.org/10.5334/jors.148}
}
